@article{kuipers2015uniform,
  title={Uniform random generation of large acyclic digraphs},
  author={Kuipers, Jack and Moffa, Giusi},
  journal={Statistics and Computing},
  volume={25},
  number={2},
  pages={227--242},
  year={2015},
  publisher={Springer}
}
